@inproceedings{chen2021exploring,
	title={Exploring simple siamese representation learning},
	author={Chen, Xinlei and He, Kaiming},
	booktitle={Proceedings of the IEEE/CVF Conference on Computer Vision and Pattern Recognition},
	pages={15750--15758},
	year={2021}
}
@article{ge2021yolox,
	title={Yolox: Exceeding yolo series in 2021},
	author={Ge, Zheng and Liu, Songtao and Wang, Feng and Li, Zeming and Sun, Jian},
	journal={arXiv preprint arXiv:2107.08430},
	year={2021}
}
@article{simonyan2021very,
	title={Very deep convolutional networks for large-scale image recognition. Cornell University (2014)},
	author={Simonyan, K and Zisserman, A},
	journal={arXiv preprint arXiv:1409.1556},
	year={2021}
}
@article{nishida2022artificial,
	title={Artificial intelligence (AI) models for the ultrasonographic diagnosis of liver tumors and comparison of diagnostic accuracies between AI and human experts},
	author={Nishida, Naoshi and Yamakawa, Makoto and Shiina, Tsuyoshi and Mekada, Yoshito and Nishida, Mutsumi and Sakamoto, Naoya and Nishimura, Takashi and Iijima, Hiroko and Hirai, Toshiko and Takahashi, Ken and others},
	journal={Journal of gastroenterology},
	volume={57},
	number={4},
	pages={309--321},
	year={2022},
	publisher={Springer}
}
@inproceedings{nakashima2020study,
	author = {Takahiro Nakashima and Issei Tsutsumi and Hiroki Takami and Keisuke Doman and Yoshito Mekada and Naoshi Nishida and Masatoshi Kudo},
	title = {A study on liver tumor detection from an ultrasound image using deep learning},
	volume = {11515},
	booktitle = {International Workshop on Advanced Imaging Technology (IWAIT) 2020},
	editor = {Phooi Yee Lau and Mohammad Shobri},
	organization = {International Society for Optics and Photonics},
	publisher = {SPIE},
	pages = {115151V},
	keywords = {liver tumor detection, CAD, ultrasound image, convolutional neural network},
	year = {2020},
	doi = {10.1117/12.2566913},
	URL = {https://doi.org/10.1117/12.2566913}
}
@article{yamagishi2022detection,
	title={Detection and Tracking of Liver Tumors for Ultrasound Diagnostic Support Using Deep Learning},
	author={Yamagishi, Shoya and Doman, Keisuke and Mekada, Yoshito and Nishida, Naoshi},
	journal={Journal of Image and Graphics},
	volume={10},
	number={1},
	pages={50--55},
	year={2022}
}
@article{zhou2019objects,
	title={Objects as points},
	author={Zhou, Xingyi and Wang, Dequan and Kr{\"a}henb{\"u}hl, Philipp},
	journal={arXiv preprint arXiv:1904.07850},
	year={2019}
}
